@article{Xu2021,
  doi = {10.1038/s41559-020-01375-y},
  url = {https://doi.org/10.1038/s41559-020-01375-y},
  year = {2021},
  month = jan,
  publisher = {Springer Science and Business Media {LLC}},
  volume = {5},
  number = {4},
  pages = {411--418},
  author = {Haigen Xu and Yun Cao and Dandan Yu and Mingchang Cao and Yuxiao He and Michael Gill and Henrique M. Pereira},
  title = {Ensuring effective implementation of the post-2020 global biodiversity targets},
  journal = {Nature Ecology {\&} Evolution}
}

@article{Pereira2013,
  doi = {10.1126/science.1229931},
  url = {https://doi.org/10.1126/science.1229931},
  year = {2013},
  month = jan,
  publisher = {American Association for the Advancement of Science ({AAAS})},
  volume = {339},
  number = {6117},
  pages = {277--278},
  author = {H. M. Pereira and S. Ferrier and M. Walters and G. N. Geller and R. H. G. Jongman and R. J. Scholes and M. W. Bruford and N. Brummitt and S. H. M. Butchart and A. C. Cardoso and N. C. Coops and E. Dulloo and D. P. Faith and J. Freyhof and R. D. Gregory and C. Heip and R. H\"{o}ft and G. Hurtt and W. Jetz and D. S. Karp and M. A. McGeoch and D. Obura and Y. Onoda and N. Pettorelli and B. Reyers and R. Sayre and J. P. W. Scharlemann and S. N. Stuart and E. Turak and M. Walpole and M. Wegmann},
  title = {Essential Biodiversity Variables},
  journal = {Science}
}

@article{RochaOrtega2021,
  doi = {10.1111/een.13027},
  url = {https://doi.org/10.1111/een.13027},
  year = {2021},
  month = feb,
  publisher = {Wiley},
  volume = {46},
  number = {4},
  pages = {718--728},
  author = {Maya Rocha-Ortega and Pilar Rodriguez and Alex C{\'{o}}rdoba-Aguilar},
  title = {Geographical,  temporal and taxonomic biases in insect
		            {GBIF}
		            data on biodiversity and extinction},
  journal = {Ecological Entomology}
}

@article{Beck2014,
  doi = {10.1016/j.ecoinf.2013.11.002},
  url = {https://doi.org/10.1016/j.ecoinf.2013.11.002},
  year = {2014},
  month = jan,
  publisher = {Elsevier {BV}},
  volume = {19},
  pages = {10--15},
  author = {Jan Beck and Marianne B\"{o}ller and Andreas Erhardt and Wolfgang Schwanghart},
  title = {Spatial bias in the {GBIF} database and its effect on modeling species{\textquotesingle} geographic distributions},
  journal = {Ecological Informatics}
}

@article{Troudet2017,
  doi = {10.1038/s41598-017-09084-6},
  url = {https://doi.org/10.1038/s41598-017-09084-6},
  year = {2017},
  month = aug,
  publisher = {Springer Science and Business Media {LLC}},
  volume = {7},
  number = {1},
  author = {Julien Troudet and Philippe Grandcolas and Amandine Blin and R{\'{e}}gine Vignes-Lebbe and Fr{\'{e}}d{\'{e}}ric Legendre},
  title = {Taxonomic bias in biodiversity data and societal preferences},
  journal = {Scientific Reports}
}

@article{Christin2019,
  doi = {10.1111/2041-210x.13256},
  url = {https://doi.org/10.1111/2041-210x.13256},
  year = {2019},
  month = jul,
  publisher = {Wiley},
  volume = {10},
  number = {10},
  pages = {1632--1644},
  author = {Sylvain Christin and {\'{E}}ric Hervet and Nicolas Lecomte},
  editor = {Hao Ye},
  title = {Applications for deep learning in ecology},
  journal = {Methods in Ecology and Evolution}
}

@article{Bertacchi2019,
  doi = {10.1007/s11355-018-00368-1},
  url = {https://doi.org/10.1007/s11355-018-00368-1},
  year = {2019},
  month = feb,
  publisher = {Springer Science and Business Media {LLC}},
  volume = {15},
  number = {2},
  pages = {231--240},
  author = {Andrea Bertacchi and Vittoria Giannini and Carmelo Di Franco and Nicola Silvestri},
  title = {Using unmanned aerial vehicles for vegetation mapping and identification of botanical species in wetlands},
  journal = {Landscape and Ecological Engineering}
}

@article{Tollefson2016,
  doi = {10.1038/537123a},
  url = {https://doi.org/10.1038/537123a},
  year = {2016},
  month = aug,
  publisher = {Springer Science and Business Media {LLC}},
  volume = {537},
  number = {7618},
  pages = {123--124},
  author = {Jeff Tollefson},
  title = {Computers on the reef},
  journal = {Nature}
}

@article{August2015,
  doi = {10.1111/bij.12534},
  url = {https://doi.org/10.1111/bij.12534},
  year = {2015},
  month = apr,
  publisher = {Oxford University Press ({OUP})},
  volume = {115},
  number = {3},
  pages = {731--749},
  author = {Tom August and Martin Harvey and Paula Lightfoot and David Kilbey and Timos Papadopoulos and Paul Jepson},
  title = {Emerging technologies for biological recording},
  journal = {Biological Journal of the Linnean Society}
}

@article{Silvertown2009,
  doi = {10.1016/j.tree.2009.03.017},
  url = {https://doi.org/10.1016/j.tree.2009.03.017},
  year = {2009},
  month = sep,
  publisher = {Elsevier {BV}},
  volume = {24},
  number = {9},
  pages = {467--471},
  author = {Jonathan Silvertown},
  title = {A new dawn for citizen science},
  journal = {Trends in Ecology {\&} Evolution}
}

@article{Chandler2017,
  doi = {10.1016/j.biocon.2016.09.004},
  url = {https://doi.org/10.1016/j.biocon.2016.09.004},
  year = {2017},
  month = sep,
  publisher = {Elsevier {BV}},
  volume = {213},
  pages = {280--294},
  author = {Mark Chandler and Linda See and Kyle Copas and Astrid M.Z. Bonde and Bernat Claramunt L{\'{o}}pez and Finn Danielsen and Jan Kristoffer Legind and Siro Masinde and Abraham J. Miller-Rushing and Greg Newman and Alyssa Rosemartin and Eren Turak},
  title = {Contribution of citizen science towards international biodiversity monitoring},
  journal = {Biological Conservation}
}

@article{Theobald2015,
  doi = {10.1016/j.biocon.2014.10.021},
  url = {https://doi.org/10.1016/j.biocon.2014.10.021},
  year = {2015},
  month = jan,
  publisher = {Elsevier {BV}},
  volume = {181},
  pages = {236--244},
  author = {E.J. Theobald and A.K. Ettinger and H.K. Burgess and L.B. DeBey and N.R. Schmidt and H.E. Froehlich and C. Wagner and J. HilleRisLambers and J. Tewksbury and M.A. Harsch and J.K. Parrish},
  title = {Global change and local solutions: Tapping the unrealized potential of citizen science for biodiversity research},
  journal = {Biological Conservation}
}

@incollection{Pocock2018,
  doi = {10.1016/bs.aecr.2018.06.003},
  url = {https://doi.org/10.1016/bs.aecr.2018.06.003},
  year = {2018},
  publisher = {Elsevier},
  pages = {169--223},
  author = {Michael J.O. Pocock and Mark Chandler and Rick Bonney and Ian Thornhill and Anna Albin and Tom August and Steven Bachman and Peter M.J. Brown and Davi Gasparini Fernandes Cunha and Audrey Grez and Colin Jackson and Monica Peters and Narindra Romer Rabarijaon and Helen E. Roy and Tania Zaviezo and Finn Danielsen},
  title = {A Vision for Global Biodiversity Monitoring With Citizen Science},
  booktitle = {Advances in Ecological Research}
}

@article{Trouille2019,
  doi = {10.1073/pnas.1807190116},
  url = {https://doi.org/10.1073/pnas.1807190116},
  year = {2019},
  month = feb,
  publisher = {Proceedings of the National Academy of Sciences},
  volume = {116},
  number = {6},
  pages = {1902--1909},
  author = {Laura Trouille and Chris J. Lintott and Lucy F. Fortson},
  title = {Citizen science frontiers: Efficiency,  engagement,  and serendipitous discovery with human{\textendash}machine systems},
  journal = {Proceedings of the National Academy of Sciences}
}

@article{Bonney2015,
  doi = {10.1177/0963662515607406},
  url = {https://doi.org/10.1177/0963662515607406},
  year = {2015},
  month = oct,
  publisher = {{SAGE} Publications},
  volume = {25},
  number = {1},
  pages = {2--16},
  author = {Rick Bonney and Tina B. Phillips and Heidi L. Ballard and Jody W. Enck},
  title = {Can citizen science enhance public understanding of science?},
  journal = {Public Understanding of Science}
}

@article{Schuttler2018,
  doi = {10.1002/fee.1826},
  url = {https://doi.org/10.1002/fee.1826},
  year = {2018},
  month = jul,
  publisher = {Wiley},
  volume = {16},
  number = {7},
  pages = {405--411},
  author = {Stephanie G Schuttler and Amanda E Sorensen and Rebecca C Jordan and Caren Cooper and Assaf Shwartz},
  title = {Bridging the nature gap: can citizen science reverse the extinction of experience?},
  journal = {Frontiers in Ecology and the Environment}
}

@article{Crall2011,
  doi = {10.1111/j.1755-263x.2011.00196.x},
  url = {https://doi.org/10.1111/j.1755-263x.2011.00196.x},
  year = {2011},
  month = aug,
  publisher = {Wiley},
  volume = {4},
  number = {6},
  pages = {433--442},
  author = {Alycia W. Crall and Gregory J. Newman and Thomas J. Stohlgren and Kirstin A. Holfelder and Jim Graham and Donald M. Waller},
  title = {Assessing citizen science data quality: an invasive species case study},
  journal = {Conservation Letters}
}

@article{Burgess2017,
  doi = {10.1016/j.biocon.2016.05.014},
  url = {https://doi.org/10.1016/j.biocon.2016.05.014},
  year = {2017},
  month = apr,
  publisher = {Elsevier {BV}},
  volume = {208},
  pages = {113--120},
  author = {H.K. Burgess and L.B. DeBey and H.E. Froehlich and N. Schmidt and E.J. Theobald and A.K. Ettinger and J. HilleRisLambers and J. Tewksbury and J.K. Parrish},
  title = {The science of citizen science: Exploring barriers to use as a primary research tool},
  journal = {Biological Conservation}
}

@article{Callaghan2020,
  doi = {10.1093/biosci/biaa131},
  url = {https://doi.org/10.1093/biosci/biaa131},
  year = {2020},
  month = nov,
  publisher = {Oxford University Press ({OUP})},
  author = {Corey T Callaghan and Alistair G B Poore and Thomas Mesaglio and Angela T Moles and Shinichi Nakagawa and Christopher Roberts and Jodi J L Rowley and Adriana Verg{\'{E}}s and John H Wilshire and William K Cornwell},
  title = {Three Frontiers for the Future of Biodiversity Research Using Citizen Science Data},
  journal = {{BioScience}}
}

@article{Bayraktarov2019,
  doi = {10.3389/fevo.2018.00239},
  url = {https://doi.org/10.3389/fevo.2018.00239},
  year = {2019},
  month = jan,
  publisher = {Frontiers Media {SA}},
  volume = {6},
  author = {Elisa Bayraktarov and Glenn Ehmke and James O{\textquotesingle}Connor and Emma L. Burns and Hoang A. Nguyen and Louise McRae and Hugh P. Possingham and David B. Lindenmayer},
  title = {Do Big Unstructured Biodiversity Data Mean More Knowledge?},
  journal = {Frontiers in Ecology and Evolution}
}

@article{Boakes2016,
  doi = {10.1038/srep33051},
  url = {https://doi.org/10.1038/srep33051},
  year = {2016},
  month = sep,
  publisher = {Springer Science and Business Media {LLC}},
  volume = {6},
  number = {1},
  author = {Elizabeth H. Boakes and Gianfranco Gliozzo and Valentine Seymour and Martin Harvey and Chloë Smith and David B. Roy and Muki Haklay},
  title = {Patterns of contribution to citizen science biodiversity projects increase understanding of volunteers' recording behaviour},
  journal = {Scientific Reports}
}

@article{Weinstein2017,
  doi = {10.1111/1365-2656.12780},
  url = {https://doi.org/10.1111/1365-2656.12780},
  year = {2017},
  month = nov,
  publisher = {Wiley},
  volume = {87},
  number = {3},
  pages = {533--545},
  author = {Ben G. Weinstein},
  editor = {Laura Prugh},
  title = {A computer vision for animal ecology},
  journal = {Journal of Animal Ecology}
}

@article{Wldchen2018,
  doi = {10.1371/journal.pcbi.1005993},
  url = {https://doi.org/10.1371/journal.pcbi.1005993},
  year = {2018},
  month = apr,
  publisher = {Public Library of Science ({PLoS})},
  volume = {14},
  number = {4},
  pages = {e1005993},
  author = {Jana W\"{a}ldchen and Michael Rzanny and Marco Seeland and Patrick M\"{a}der},
  editor = {Alexander Bucksch},
  title = {Automated plant species identification{\textemdash}Trends and future directions},
  journal = {{PLOS} Computational Biology}
}

@article{Ceccaroni2019,
  doi = {10.5334/cstp.241},
  url = {https://doi.org/10.5334/cstp.241},
  year = {2019},
  publisher = {Ubiquity Press,  Ltd.},
  volume = {4},
  number = {1},
  author = {Luigi Ceccaroni and James Bibby and Erin Roger and Paul Flemons and Katina Michael and Laura Fagan and Jessica L. Oliver},
  title = {Opportunities and Risks for Citizen Science in the Age of Artificial Intelligence},
  journal = {Citizen Science: Theory and Practice}
}

@article{Wldchen2018_27,
  doi = {10.1111/2041-210x.13075},
  url = {https://doi.org/10.1111/2041-210x.13075},
  year = {2018},
  month = sep,
  publisher = {Wiley},
  volume = {9},
  number = {11},
  pages = {2216--2225},
  author = {Jana W\"{a}ldchen and Patrick M\"{a}der},
  editor = {Natalie Cooper},
  title = {Machine learning for image based species identification},
  journal = {Methods in Ecology and Evolution}
}

@article{Terry2020,
  doi = {10.1111/2041-210x.13335},
  url = {https://doi.org/10.1111/2041-210x.13335},
  year = {2020},
  month = jan,
  publisher = {Wiley},
  volume = {11},
  number = {2},
  pages = {303--315},
  author = {J. Christopher D. Terry and Helen E. Roy and Tom A. August},
  editor = {Res Altwegg},
  title = {Thinking like a naturalist: Enhancing computer vision of citizen science images by harnessing contextual data},
  journal = {Methods in Ecology and Evolution}
}

@article{Keisler2013,
  doi = {10.1007/s10669-013-9439-4},
  url = {https://doi.org/10.1007/s10669-013-9439-4},
  year = {2013},
  month = apr,
  publisher = {Springer Science and Business Media {LLC}},
  volume = {34},
  number = {1},
  pages = {3--23},
  author = {Jeffrey M. Keisler and Zachary A. Collier and Eric Chu and Nina Sinatra and Igor Linkov},
  title = {Value of information analysis: the state of application},
  journal = {Environment Systems and Decisions}
}

@misc{GBIF_dataset,
  doi = {10.15468/ZJBZEL},
  url = {https://www.gbif.org/dataset/b124e1e0-4755-430f-9eab-894f25a9b59c},
  author = {{Norwegian Biodiversity Information Centre}},
  keywords = {Occurrence,  Observation,  cs,  citizen science,  Occurrence},
  language = {en},
  title = {Norwegian Species Observation Service},
  publisher = {Norwegian Biodiversity Information Centre},
  year = {2022},
  copyright = {Creative Commons Attribution 4.0 International}
}

@article{Aristeidou2017,
  doi = {10.1016/j.chb.2017.04.044},
  url = {https://doi.org/10.1016/j.chb.2017.04.044},
  year = {2017},
  month = sep,
  publisher = {Elsevier {BV}},
  volume = {74},
  pages = {246--256},
  author = {Maria Aristeidou and Eileen Scanlon and Mike Sharples},
  title = {Profiles of engagement in online communities of citizen science participation},
  journal = {Computers in Human Behavior}
}

@article{Richter2021,
  doi = {10.1016/j.biocon.2021.109325},
  url = {https://doi.org/10.1016/j.biocon.2021.109325},
  year = {2021},
  month = nov,
  publisher = {Elsevier {BV}},
  volume = {263},
  pages = {109325},
  author = {Anett Richter and Orr Comay and Cecilie S. Svenningsen and Jonas Colling Larsen and Susanne Hecker and Anders P. T{\o}ttrup and Guy Pe{\textquotesingle}er and Robert R. Dunn and Aletta Bonn and Melissa Marselle},
  title = {Motivation and support services in citizen science insect monitoring: A cross-country study},
  journal = {Biological Conservation}
}

@article{Wilkinson2016,
  doi = {10.1038/sdata.2016.18},
  url = {https://doi.org/10.1038/sdata.2016.18},
  year = {2016},
  month = mar,
  publisher = {Springer Science and Business Media {LLC}},
  volume = {3},
  number = {1},
  author = {Mark D. Wilkinson and Michel Dumontier and IJsbrand Jan Aalbersberg and Gabrielle Appleton and Myles Axton and Arie Baak and Niklas Blomberg and Jan-Willem Boiten and Luiz Bonino da Silva Santos and Philip E. Bourne and Jildau Bouwman and Anthony J. Brookes and Tim Clark and Merc{\`{e}} Crosas and Ingrid Dillo and Olivier Dumon and Scott Edmunds and Chris T. Evelo and Richard Finkers and Alejandra Gonzalez-Beltran and Alasdair J.G. Gray and Paul Groth and Carole Goble and Jeffrey S. Grethe and Jaap Heringa and Peter A.C 't Hoen and Rob Hooft and Tobias Kuhn and Ruben Kok and Joost Kok and Scott J. Lusher and Maryann E. Martone and Albert Mons and Abel L. Packer and Bengt Persson and Philippe Rocca-Serra and Marco Roos and Rene van Schaik and Susanna-Assunta Sansone and Erik Schultes and Thierry Sengstag and Ted Slater and George Strawn and Morris A. Swertz and Mark Thompson and Johan van der Lei and Erik van Mulligen and Jan Velterop and Andra Waagmeester and Peter Wittenburg and Katherine Wolstencroft and Jun Zhao and Barend Mons},
  title = {The {FAIR} Guiding Principles for scientific data management and stewardship},
  journal = {Scientific Data}
}

@article{Campbell1972,
  doi = {10.1093/icesjms/34.2.295},
  url = {https://doi.org/10.1093/icesjms/34.2.295},
  year = {1972},
  month = mar,
  publisher = {Oxford University Press ({OUP})},
  volume = {34},
  number = {2},
  pages = {295--299},
  author = {N. A. Campbell and B. F. Phillips},
  title = {The Von Bertalanffy Growth Curve and Its Application to Capture -- Recapture Data in Fisheries Biology},
  journal = {{ICES} Journal of Marine Science}
}


@online{GBIFtrends,
  author = {{GBIF.org}},
  title = {Global data trends},
  year = 2021,
  url = {https://www.gbif.org/analytics/global}
}


@Inbook{Chandler2017Book,
author="Chandler, Mark
and See, Linda
and Buesching, Christina D.
and Cousins, Jenny A.
and Gillies, Chris
and Kays, Roland W.
and Newman, Chris
and Pereira, Henrique M.
and Tiago, Patricia",
editor="Walters, Michele
and Scholes, Robert J.",
title="Involving Citizen Scientists in Biodiversity Observation",
bookTitle="The GEO Handbook on Biodiversity Observation Networks",
year="2017",
publisher="Springer International Publishing",
address="Cham",
pages="211--237",
abstract="The involvement of non-professionals in scientific research and environmental monitoring, termed Citizen Science (CS), has now become a mainstream approach for collecting data on earth processes, ecosystems and biodiversity. This chapter examines how CS might contribute to ongoing efforts in biodiversity monitoring, enhancing observation and recording of key species and systems in a standardised manner, thereby supporting data relevant to the Essential Biodiversity Variables (EBVs), as well as reaching key constituencies who would benefit Biodiversity Observation Networks (BONs). The design of successful monitoring or observation networks that rely on citizen observers requires a careful balancing of the two primary user groups, namely data users and data contributors (i.e., citizen scientists). To this end, this chapter identifies examples of successful CS programs as well as considering practical issues such as the reliability of the data, participant recruitment and motivation, and the use of emerging technologies.",
isbn="978-3-319-27288-7",
doi="10.1007/978-3-319-27288-7_9",
url="https://doi.org/10.1007/978-3-319-27288-7_9"
}

@misc{vanhorn2018,
      title={The iNaturalist Species Classification and Detection Dataset}, 
      author={Grant Van Horn and Oisin Mac Aodha and Yang Song and Yin Cui and Chen Sun and Alex Shepard and Hartwig Adam and Pietro Perona and Serge Belongie},
      year={2018},
      eprint={1707.06642},
      archivePrefix={arXiv},
      primaryClass={cs.CV}
}

@book{Goodfellow-et-al-2016,
    title={Deep Learning},
    author={Ian Goodfellow and Yoshua Bengio and Aaron Courville},
    publisher={MIT Press},
    note={\url{http://www.deeplearningbook.org}},
    year={2016}
}

@misc{szegedy2016inceptionv4,
      title={Inception-v4, Inception-ResNet and the Impact of Residual Connections on Learning}, 
      author={Christian Szegedy and Sergey Ioffe and Vincent Vanhoucke and Alex Alemi},
      year={2016},
      eprint={1602.07261},
      archivePrefix={arXiv},
      primaryClass={cs.CV}
}

@misc{tan2020efficientnet,
      title={EfficientNet: Rethinking Model Scaling for Convolutional Neural Networks}, 
      author={Mingxing Tan and Quoc V. Le},
      year={2020},
      eprint={1905.11946},
      archivePrefix={arXiv},
      primaryClass={cs.LG}
}

@online{Artsnavnebase,
  author = {{Norwegian Biodiversity Information Centre}},
  title = {Species Nomenclature Database},
  year = 2021,
  urldate = {2021-11-15},
  url = {http://eksport.artsdatabanken.no/Artsnavnebase}
}


@online{GBIFhomepage,
  author = {{GBIF.org}},
  title = {GBIF homepage},
  year = 2021,
  url = {https://www.gbif.org}
}

@online{python,
  author = {{Python Software Foundation}},
  title = {Python Language Reference, version 3.9},
  url = {http://www.python.org}
}

@misc{tensorflow,
title={ {TensorFlow}: Large-Scale Machine Learning on Heterogeneous Systems},
url={https://www.tensorflow.org/},
note={Software available from tensorflow.org},
author={
    Mart\'{i}n~Abadi and
    Ashish~Agarwal and
    Paul~Barham and
    Eugene~Brevdo and
    Zhifeng~Chen and
    Craig~Citro and
    Greg~S.~Corrado and
    Andy~Davis and
    Jeffrey~Dean and
    Matthieu~Devin and
    Sanjay~Ghemawat and
    Ian~Goodfellow and
    Andrew~Harp and
    Geoffrey~Irving and
    Michael~Isard and
    Yangqing Jia and
    Rafal~Jozefowicz and
    Lukasz~Kaiser and
    Manjunath~Kudlur and
    Josh~Levenberg and
    Dandelion~Man\'{e} and
    Rajat~Monga and
    Sherry~Moore and
    Derek~Murray and
    Chris~Olah and
    Mike~Schuster and
    Jonathon~Shlens and
    Benoit~Steiner and
    Ilya~Sutskever and
    Kunal~Talwar and
    Paul~Tucker and
    Vincent~Vanhoucke and
    Vijay~Vasudevan and
    Fernanda~Vi\'{e}gas and
    Oriol~Vinyals and
    Pete~Warden and
    Martin~Wattenberg and
    Martin~Wicke and
    Yuan~Yu and
    Xiaoqiang~Zheng},
  year={2015},
}

@misc{keras,
  title={Keras},
  author={Chollet, Fran\c{c}ois and others},
  year={2015},
  url={https://keras.io},
}